@article{wilhelmi2017collaborative,
	title={Collaborative Spatial Reuse in Wireless Networks via Selfish Bandits},
	author={Wilhelmi, Francesc and Bellalta, Boris and Cano, Cristina, Jonsson, Anders, Neu, Gergely and Barrachina, Sergio},
	journal={arXiv preprint arXiv:1705.10508},
	year={2017}
}

@article{thompson1933likelihood,
	title={On the likelihood that one unknown probability exceeds another in view of the evidence of two samples},
	author={Thompson, William R},
	journal={Biometrika},
	volume={25},
	number={3/4},
	pages={285--294},
	year={1933},
	publisher={JSTOR}
}

@incollection{CL11,
	title = {An Empirical Evaluation of Thompson Sampling},
	author = {Olivier Chapelle and Li, Lihong},
	booktitle = {Advances in Neural Information Processing Systems 24},
	editor = {J. Shawe-Taylor and R. S. Zemel and P. L. Bartlett and F. Pereira and K. Q. Weinberger},
	pages = {2249--2257},
	year = {2011},
	publisher = {Curran Associates, Inc.}
}

@inproceedings{agrawal2013further,
	title={Further optimal regret bounds for thompson sampling},
	author={Agrawal, Shipra and Goyal, Navin},
	booktitle={Artificial Intelligence and Statistics},
	pages={99--107},
	year={2013}
}